
<record>
  <leader>01503cam a22003497i 4500</leader>
  <controlfield tag="001">19151550</controlfield>
  <controlfield tag="005">20200103150714.0</controlfield>
  <controlfield tag="008">160112t20162016ne ac    bc   001 0ddut  </controlfield>
  <datafield tag="906" ind1=" " ind2=" ">
    <subfield code="a">7</subfield>
    <subfield code="b">cbc</subfield>
    <subfield code="c">origres</subfield>
    <subfield code="d">3</subfield>
    <subfield code="e">ncip</subfield>
    <subfield code="f">20</subfield>
    <subfield code="g">y-gencatlg</subfield>
  </datafield>
  <datafield tag="925" ind1="0" ind2=" ">
    <subfield code="a">acquire</subfield>
    <subfield code="b">1 shelf copy</subfield>
    <subfield code="x">policy default</subfield>
  </datafield>
  <datafield tag="955" ind1=" " ind2=" ">
    <subfield code="b">bd24 2016-06-29</subfield>
    <subfield code="i">bc12 2018-05-23 (telework)</subfield>
    <subfield code="e">bc12 2018-06-19 to BCCD (ABAchecked &amp; Labeled)</subfield>
    <subfield code="a">bc12 2019-01-15 (NAP correction)</subfield>
  </datafield>
  <datafield tag="010" ind1=" " ind2=" ">
    <subfield code="a">  2016434176</subfield>
  </datafield>
  <datafield tag="020" ind1=" " ind2=" ">
    <subfield code="a">9789462620766 (paperback)</subfield>
  </datafield>
  <datafield tag="020" ind1=" " ind2=" ">
    <subfield code="a">9462620768 (paperback)</subfield>
  </datafield>
  <datafield tag="035" ind1=" " ind2=" ">
    <subfield code="a">(CaONFCNI)cou34519989</subfield>
  </datafield>
  <datafield tag="040" ind1=" " ind2=" ">
    <subfield code="a">DLC</subfield>
    <subfield code="b">eng</subfield>
    <subfield code="c">DLC</subfield>
    <subfield code="e">rda</subfield>
  </datafield>
  <datafield tag="050" ind1="0" ind2="0">
    <subfield code="a">ND653.B49</subfield>
    <subfield code="b">G44 2016</subfield>
  </datafield>
  <datafield tag="100" ind1="1" ind2=" ">
    <subfield code="a">Geer, Kees van der,</subfield>
    <subfield code="e">author.</subfield>
  </datafield>
  <datafield tag="245" ind1="1" ind2="0">
    <subfield code="a">Gerrit Willem van Blaaderen /</subfield>
    <subfield code="c">Kees van der Geer.</subfield>
  </datafield>
  <datafield tag="264" ind1=" " ind2="1">
    <subfield code="a">Zwolle :</subfield>
    <subfield code="b">Waanders Uitgevers ;</subfield>
    <subfield code="a">Alkmaar :</subfield>
    <subfield code="b">Stedelijk Museum,</subfield>
    <subfield code="c">[2016]</subfield>
  </datafield>
  <datafield tag="264" ind1=" " ind2="4">
    <subfield code="c">©2016</subfield>
  </datafield>
  <datafield tag="300" ind1=" " ind2=" ">
    <subfield code="a">160 pages :</subfield>
    <subfield code="b">illustrations (chiefly color), portraits (some color) ;</subfield>
    <subfield code="c">27 cm</subfield>
  </datafield>
  <datafield tag="336" ind1=" " ind2=" ">
    <subfield code="a">text</subfield>
    <subfield code="2">rdacontent</subfield>
  </datafield>
  <datafield tag="337" ind1=" " ind2=" ">
    <subfield code="a">unmediated</subfield>
    <subfield code="2">rdamedia</subfield>
  </datafield>
  <datafield tag="338" ind1=" " ind2=" ">
    <subfield code="a">volume</subfield>
    <subfield code="2">rdacarrier</subfield>
  </datafield>
  <datafield tag="500" ind1=" " ind2=" ">
    <subfield code="a">Published on the occasion of an exhibition held at Stedelijk Museum Alkmaar, February 27-August 28, 2016.</subfield>
  </datafield>
  <datafield tag="600" ind1="1" ind2="0">
    <subfield code="a">Blaaderen, Gerrit Willem van,</subfield>
    <subfield code="d">1873-1935.</subfield>
  </datafield>
  <datafield tag="600" ind1="1" ind2="0">
    <subfield code="a">Blaaderen, Gerrit Willem van,</subfield>
    <subfield code="d">1873-1935</subfield>
    <subfield code="v">Exhibitions.</subfield>
  </datafield>
  <datafield tag="700" ind1="1" ind2="2">
    <subfield code="a">Blaaderen, Gerrit Willem van,</subfield>
    <subfield code="d">1873-1935.</subfield>
    <subfield code="t">Paintings.</subfield>
    <subfield code="k">Selections.</subfield>
  </datafield>
  <datafield tag="710" ind1="1" ind2=" ">
    <subfield code="a">Alkmaar (Netherlands).</subfield>
    <subfield code="b">Stedelijk Museum,</subfield>
    <subfield code="e">host institution.</subfield>
  </datafield>
  <datafield tag="923" ind1=" " ind2=" ">
    <subfield code="d">06-16-16</subfield>
    <subfield code="n">I-20094833</subfield>
    <subfield code="s">93000177</subfield>
  </datafield>
  <datafield tag="985" ind1=" " ind2=" ">
    <subfield code="e">VENDOR LOAD</subfield>
  </datafield>
</record>