
<record>
  <leader>03804cam a22004457a 4500</leader>
  <controlfield tag="001">19151582</controlfield>
  <controlfield tag="005">20200103164411.0</controlfield>
  <controlfield tag="008">160525s2016    enk           000 0 eng d</controlfield>
  <datafield tag="906" ind1=" " ind2=" ">
    <subfield code="a">7</subfield>
    <subfield code="b">cbc</subfield>
    <subfield code="c">copycat</subfield>
    <subfield code="d">3</subfield>
    <subfield code="e">ncip</subfield>
    <subfield code="f">20</subfield>
    <subfield code="g">y-gencatlg</subfield>
  </datafield>
  <datafield tag="925" ind1="0" ind2=" ">
    <subfield code="a">acquire</subfield>
    <subfield code="b">1 shelf copy</subfield>
    <subfield code="x">policy default</subfield>
  </datafield>
  <datafield tag="955" ind1=" " ind2=" ">
    <subfield code="b">hf07 2016-07-20 z-processor</subfield>
    <subfield code="i">hf07 2016-07-25 to hf01</subfield>
    <subfield code="a">hf01 to Cheryl Adams</subfield>
    <subfield code="a">hf04 2016-08-23 to BCCD;</subfield>
    <subfield code="a">xk26 2017-01-13 NOTE: there is an American ed. under PR6119.H52 A12 2017; it is fiction; this ed. should be reclassed eventually</subfield>
  </datafield>
  <datafield tag="010" ind1=" " ind2=" ">
    <subfield code="a">  2016417217</subfield>
  </datafield>
  <datafield tag="020" ind1=" " ind2=" ">
    <subfield code="a">9781473632226</subfield>
  </datafield>
  <datafield tag="020" ind1=" " ind2=" ">
    <subfield code="a">1473632226</subfield>
  </datafield>
  <datafield tag="035" ind1=" " ind2=" ">
    <subfield code="a">(OCoLC)ocn919480980</subfield>
  </datafield>
  <datafield tag="040" ind1=" " ind2=" ">
    <subfield code="a">YDXCP</subfield>
    <subfield code="b">eng</subfield>
    <subfield code="c">YDXCP</subfield>
    <subfield code="d">OCLCQ</subfield>
    <subfield code="d">AAU</subfield>
    <subfield code="d">OCLCO</subfield>
    <subfield code="d">DLC</subfield>
  </datafield>
  <datafield tag="042" ind1=" " ind2=" ">
    <subfield code="a">lccopycat</subfield>
  </datafield>
  <datafield tag="050" ind1="0" ind2="0">
    <subfield code="a">U21.2</subfield>
    <subfield code="b">.S545 2016</subfield>
  </datafield>
  <datafield tag="100" ind1="1" ind2=" ">
    <subfield code="a">Shirreff, Richard,</subfield>
    <subfield code="d">1955-</subfield>
    <subfield code="e">author.</subfield>
  </datafield>
  <datafield tag="245" ind1="1" ind2="0">
    <subfield code="a">2017 war with Russia :</subfield>
    <subfield code="b">an urgent warning from senior military command /</subfield>
    <subfield code="c">General Sir Richard Shirreff.</subfield>
  </datafield>
  <datafield tag="246" ind1="3" ind2=" ">
    <subfield code="a">Two thousand seventeen war with Russia</subfield>
  </datafield>
  <datafield tag="246" ind1="3" ind2=" ">
    <subfield code="a">Twenty-seventeen war with Russia</subfield>
  </datafield>
  <datafield tag="246" ind1="3" ind2="0">
    <subfield code="a">Urgent warning from senior military command</subfield>
  </datafield>
  <datafield tag="260" ind1=" " ind2=" ">
    <subfield code="a">London :</subfield>
    <subfield code="b">Coronet,</subfield>
    <subfield code="c">2016.</subfield>
  </datafield>
  <datafield tag="300" ind1=" " ind2=" ">
    <subfield code="a">xi, 436 pages ;</subfield>
    <subfield code="c">24 cm</subfield>
  </datafield>
  <datafield tag="336" ind1=" " ind2=" ">
    <subfield code="a">text</subfield>
    <subfield code="2">rdacontent</subfield>
  </datafield>
  <datafield tag="337" ind1=" " ind2=" ">
    <subfield code="a">unmediated</subfield>
    <subfield code="2">rdamedia</subfield>
  </datafield>
  <datafield tag="338" ind1=" " ind2=" ">
    <subfield code="a">volume</subfield>
    <subfield code="2">rdacarrier</subfield>
  </datafield>
  <datafield tag="500" ind1=" " ind2=" ">
    <subfield code="a">&quot;The author is a world expert in geopolitics and military warfare, and his predictions are based on his experience, insight and knowledge for working for NATO at the highest level. The plot and events described (as well as most of the characters) are fictional&quot;--Title page verso.</subfield>
  </datafield>
  <datafield tag="505" ind1="0" ind2=" ">
    <subfield code="a">Prologue -- Reckoning -- Recovery -- Riposte -- Epilogue.</subfield>
  </datafield>
  <datafield tag="520" ind1=" " ind2=" ">
    <subfield code="a">&quot;Closely modeled on his NATO experience of war gaming future conflicts, 2017 War with Russia by Sir Richard Shirreff is a chilling account of where we are heading if we fail to recognize the threat posed by the Russian president. Written by the recently retired Deputy Supreme Allied Commander Europe and endorsed by many senior military figures, including the recently retired Supreme Allied Commander, this book shows why war is now almost inevitable and how the &apos;logic of war&apos; will probably drive our conflict of interest with Russia towards a bloody and appalling conclusion. President Putin said &apos;We have all the reasons to believe that the policy of containment of Russia which was happening in the 18th, 19th, 20th century is still going on...&apos; And: &apos;if you press the spring, it will release at some point; something you should remember.&apos; Like any &apos;strongman,&apos; his reputation for strength is everything. Lose momentum, fail to give his people what they want and he fails. The president has already demonstrated that he has no intention of failing. He has already started a lethal dynamic which, unless checked right now, will see him invade the Baltic States. Russia&apos;s invasion and seizure of Georgia in 2008 was our &apos;Rhineland moment.&apos; We ignored the warning signs -- as we did back in the 1930s -- and we made it &apos;business as usual.&apos; Crimea in 2014 was the president&apos;s &apos;Sudetenland moment&apos; and again he got away with it. Since 2014 Russia has been making its move on Ukraine. The Baltics will be next. Our political leaders assume that nuclear deterrence will save us. General Sir Richard Shirreff shows why this will not wash&quot;--Dust jacket.</subfield>
  </datafield>
  <datafield tag="650" ind1=" " ind2="0">
    <subfield code="a">War</subfield>
    <subfield code="x">Forecasting.</subfield>
  </datafield>
  <datafield tag="650" ind1=" " ind2="0">
    <subfield code="a">Battles</subfield>
    <subfield code="z">Baltic States</subfield>
    <subfield code="x">Forecasting.</subfield>
  </datafield>
  <datafield tag="650" ind1=" " ind2="0">
    <subfield code="a">Imaginary wars and battles.</subfield>
  </datafield>
  <datafield tag="651" ind1=" " ind2="0">
    <subfield code="a">Baltic States</subfield>
    <subfield code="x">History</subfield>
    <subfield code="x">Prophecies.</subfield>
  </datafield>
  <datafield tag="651" ind1=" " ind2="0">
    <subfield code="a">Russia (Federation)</subfield>
    <subfield code="x">Territorial expansion</subfield>
    <subfield code="x">Forecasting.</subfield>
  </datafield>
  <datafield tag="651" ind1=" " ind2="0">
    <subfield code="a">Russia (Federation)</subfield>
    <subfield code="x">Foreign relations</subfield>
    <subfield code="z">Western countries</subfield>
    <subfield code="x">Forecasting.</subfield>
  </datafield>
  <datafield tag="651" ind1=" " ind2="0">
    <subfield code="a">Western countries</subfield>
    <subfield code="x">Foreign relations</subfield>
    <subfield code="z">Russia (Federation)</subfield>
    <subfield code="x">Forecasting.</subfield>
  </datafield>
  <datafield tag="923" ind1=" " ind2=" ">
    <subfield code="a">purchase</subfield>
    <subfield code="d">20160616</subfield>
    <subfield code="n">I-200008322</subfield>
    <subfield code="s">ProQuest</subfield>
  </datafield>
  <datafield tag="985" ind1=" " ind2=" ">
    <subfield code="e">VENDOR LOAD</subfield>
  </datafield>
</record>