
<record>
  <leader>02701cam a22003857i 4500</leader>
  <controlfield tag="001">19153341</controlfield>
  <controlfield tag="005">20200103150715.0</controlfield>
  <controlfield tag="008">160627s2016    enk      b    001 0 eng c</controlfield>
  <datafield tag="906" ind1=" " ind2=" ">
    <subfield code="a">7</subfield>
    <subfield code="b">cbc</subfield>
    <subfield code="c">pccadap</subfield>
    <subfield code="d">2</subfield>
    <subfield code="e">ncip</subfield>
    <subfield code="f">20</subfield>
    <subfield code="g">y-gencatlg</subfield>
  </datafield>
  <datafield tag="925" ind1="0" ind2=" ">
    <subfield code="a">acquire</subfield>
    <subfield code="b">1 shelf copy</subfield>
    <subfield code="x">policy default</subfield>
  </datafield>
  <datafield tag="955" ind1=" " ind2=" ">
    <subfield code="b">rm05 2018-05-03 z-processor</subfield>
    <subfield code="i">rm05 2018-07-10 to Dewey</subfield>
  </datafield>
  <datafield tag="955" ind1=" " ind2=" ">
    <subfield code="a">pc20 2016-06-27</subfield>
  </datafield>
  <datafield tag="010" ind1=" " ind2=" ">
    <subfield code="a">  2016946049</subfield>
  </datafield>
  <datafield tag="020" ind1=" " ind2=" ">
    <subfield code="a">9781137572608</subfield>
  </datafield>
  <datafield tag="020" ind1=" " ind2=" ">
    <subfield code="a">1137572604</subfield>
  </datafield>
  <datafield tag="035" ind1=" " ind2=" ">
    <subfield code="a">(OCoLC)ocn934502642</subfield>
  </datafield>
  <datafield tag="040" ind1=" " ind2=" ">
    <subfield code="a">BTCTA</subfield>
    <subfield code="b">eng</subfield>
    <subfield code="c">BTCTA</subfield>
    <subfield code="e">rda</subfield>
    <subfield code="d">OCLCQ</subfield>
    <subfield code="d">YDXCP</subfield>
    <subfield code="d">OCLCO</subfield>
    <subfield code="d">YDX</subfield>
    <subfield code="d">TFW</subfield>
    <subfield code="d">OCLCF</subfield>
    <subfield code="d">NOC</subfield>
    <subfield code="d">OCL</subfield>
    <subfield code="d">BDX</subfield>
    <subfield code="d">DHA</subfield>
    <subfield code="d">OCLCQ</subfield>
    <subfield code="d">DLC</subfield>
  </datafield>
  <datafield tag="043" ind1=" " ind2=" ">
    <subfield code="a">e-yu---</subfield>
    <subfield code="a">e------</subfield>
  </datafield>
  <datafield tag="050" ind1="0" ind2="0">
    <subfield code="a">HQ76.8.Y8</subfield>
    <subfield code="b">L43 2016</subfield>
  </datafield>
  <datafield tag="245" ind1="0" ind2="0">
    <subfield code="a">LGBT activism and Europeanisation in the Post-Yugoslav space :</subfield>
    <subfield code="b">on the rainbow way to Europe  /</subfield>
    <subfield code="c">Bojan Bilić, editor.</subfield>
  </datafield>
  <datafield tag="264" ind1=" " ind2="1">
    <subfield code="a">London :</subfield>
    <subfield code="b">Palgrave Macmillan,</subfield>
    <subfield code="c">[2016]</subfield>
  </datafield>
  <datafield tag="300" ind1=" " ind2=" ">
    <subfield code="a">xi, 256 pages ;</subfield>
    <subfield code="c">22 cm.</subfield>
  </datafield>
  <datafield tag="336" ind1=" " ind2=" ">
    <subfield code="a">text</subfield>
    <subfield code="b">txt</subfield>
    <subfield code="2">rdacontent</subfield>
  </datafield>
  <datafield tag="337" ind1=" " ind2=" ">
    <subfield code="a">unmediated</subfield>
    <subfield code="b">n</subfield>
    <subfield code="2">rdamedia</subfield>
  </datafield>
  <datafield tag="338" ind1=" " ind2=" ">
    <subfield code="a">volume</subfield>
    <subfield code="b">nc</subfield>
    <subfield code="2">rdacarrier</subfield>
  </datafield>
  <datafield tag="490" ind1="0" ind2=" ">
    <subfield code="a">Palgrave studies in European political sociology</subfield>
  </datafield>
  <datafield tag="505" ind1="0" ind2=" ">
    <subfield code="a">Europeanisation, LGBT activism, and non-heteronormativity in the post-Yugoslav space : an introduction / Bojan Bilić -- Discontents of professionalisation : sexual politics and activism in Croatia in the context of EU accession / Nicole Butterfield -- The First European Festival of Lesbian and Gay Film was Yugoslav : dismantling the geotemporality of Europeanisation in Slovenia / Sanja Kajinić -- Growing oppression, growing resistance : LGBT activism and Europeanisation in Macedonia / Ana Miškovska Kajevska -- Europe [heart symbol] gays? : Europeanisation and pride parades in Serbia / Bojan Bilić -- Queering as Europeanisation, Europeanisation as queering : challenging homophobia in everyday life in Montenegro / Danijel Kalezić and Čarna Brković -- From Orientalism to homonationalism : queer politics, Islamophobia, and Europeanisation in Kosovo / Piro Rexhepi -- On the other side of an ethnocratic state? : LGBT activism in post-Dayton Bosnia and Herzegovina / Adelita Selmić -- Beyond EUtopian promises and disillusions : a conclusion / Bojan Bilić and Paul Stubbs.</subfield>
  </datafield>
  <datafield tag="650" ind1=" " ind2="0">
    <subfield code="a">Gay liberation movement</subfield>
    <subfield code="z">Former Yugoslav republics.</subfield>
  </datafield>
  <datafield tag="651" ind1=" " ind2="0">
    <subfield code="a">Former Yugoslav republics</subfield>
    <subfield code="x">Relations</subfield>
    <subfield code="z">European Union countries.</subfield>
  </datafield>
  <datafield tag="651" ind1=" " ind2="0">
    <subfield code="a">European Union countries</subfield>
    <subfield code="x">Relations</subfield>
    <subfield code="z">Former Yugoslav republics.</subfield>
  </datafield>
  <datafield tag="650" ind1=" " ind2="7">
    <subfield code="a">International relations.</subfield>
    <subfield code="2">fast</subfield>
    <subfield code="0">(OCoLC)fst00977053</subfield>
  </datafield>
  <datafield tag="650" ind1=" " ind2="7">
    <subfield code="a">Gay liberation movement.</subfield>
    <subfield code="2">fast</subfield>
    <subfield code="0">(OCoLC)fst00939104</subfield>
  </datafield>
  <datafield tag="651" ind1=" " ind2="7">
    <subfield code="a">Europe</subfield>
    <subfield code="z">European Union countries.</subfield>
    <subfield code="2">fast</subfield>
    <subfield code="0">(OCoLC)fst01269470</subfield>
  </datafield>
  <datafield tag="651" ind1=" " ind2="7">
    <subfield code="a">Yugoslavia.</subfield>
    <subfield code="2">fast</subfield>
    <subfield code="0">(OCoLC)fst01279262</subfield>
  </datafield>
  <datafield tag="700" ind1="1" ind2=" ">
    <subfield code="a">Bilić, Bojan,</subfield>
    <subfield code="e">editor.</subfield>
  </datafield>
</record>