
<record>
  <leader>01366cam a22003137i 4500</leader>
  <controlfield tag="001">19155124</controlfield>
  <controlfield tag="005">20200103150715.0</controlfield>
  <controlfield tag="008">160628s2016    alu           000 0 chi  </controlfield>
  <datafield tag="906" ind1=" " ind2=" ">
    <subfield code="a">7</subfield>
    <subfield code="b">cbc</subfield>
    <subfield code="c">orignew</subfield>
    <subfield code="d">3</subfield>
    <subfield code="e">epcn</subfield>
    <subfield code="f">20</subfield>
    <subfield code="g">y-nonroman</subfield>
  </datafield>
  <datafield tag="925" ind1="0" ind2=" ">
    <subfield code="a">acquire</subfield>
    <subfield code="b">1 shelf copy</subfield>
    <subfield code="x">policy default</subfield>
  </datafield>
  <datafield tag="955" ind1=" " ind2=" ">
    <subfield code="a">pc12 2016-06-28</subfield>
    <subfield code="b">cc16 2016-12-05</subfield>
    <subfield code="h">cc17 2016-12-17</subfield>
    <subfield code="e">cc17 2017-03-17 to CALM</subfield>
    <subfield code="s">cc16 2017-04-05 to discard</subfield>
    <subfield code="a">2017-04-17 received in Asian Div.</subfield>
    <subfield code="a">2017-05-04 received in Asian Div.</subfield>
  </datafield>
  <datafield tag="010" ind1=" " ind2=" ">
    <subfield code="a">  2016946183</subfield>
  </datafield>
  <datafield tag="020" ind1=" " ind2=" ">
    <subfield code="a">9781683720140 (pbk. : alk. paper)</subfield>
  </datafield>
  <datafield tag="040" ind1=" " ind2=" ">
    <subfield code="a">DLC</subfield>
    <subfield code="b">eng</subfield>
    <subfield code="c">DLC</subfield>
    <subfield code="e">rda</subfield>
  </datafield>
  <datafield tag="050" ind1="0" ind2="0">
    <subfield code="a">MLCMC 2016/00028 (P)</subfield>
  </datafield>
  <datafield tag="066" ind1=" " ind2=" ">
    <subfield code="c">$1</subfield>
  </datafield>
  <datafield tag="100" ind1="1" ind2=" ">
    <subfield code="6">880-01</subfield>
    <subfield code="a">Moliqingxiang.</subfield>
  </datafield>
  <datafield tag="880" ind1="1" ind2=" ">
    <subfield code="6">100-01/$1</subfield>
    <subfield code="a">茉莉清香.</subfield>
  </datafield>
  <datafield tag="245" ind1="1" ind2="0">
    <subfield code="6">880-02</subfield>
    <subfield code="a">Bei Mei er shi nian =</subfield>
    <subfield code="b">Twenty years of life in North America /</subfield>
    <subfield code="c">Moliqingxiang zhu.</subfield>
  </datafield>
  <datafield tag="880" ind1="1" ind2="0">
    <subfield code="6">245-02/$1</subfield>
    <subfield code="a">北美二十年 =</subfield>
    <subfield code="b">Twenty years of life in North America /</subfield>
    <subfield code="c">茉莉清香著.</subfield>
  </datafield>
  <datafield tag="264" ind1=" " ind2="1">
    <subfield code="6">880-03</subfield>
    <subfield code="a">Montgomery, AL :</subfield>
    <subfield code="b">Dixie W Publishing Corporation,</subfield>
    <subfield code="c">2016.</subfield>
  </datafield>
  <datafield tag="880" ind1=" " ind2="1">
    <subfield code="6">264-03/$1</subfield>
    <subfield code="a">Montgomery, AL :</subfield>
    <subfield code="b">美国南方出版社,</subfield>
    <subfield code="c">2016.</subfield>
  </datafield>
  <datafield tag="300" ind1=" " ind2=" ">
    <subfield code="a">xiv, 225 pages ;</subfield>
    <subfield code="c">23 cm</subfield>
  </datafield>
  <datafield tag="336" ind1=" " ind2=" ">
    <subfield code="a">text</subfield>
    <subfield code="b">txt</subfield>
    <subfield code="2">rdacontent</subfield>
  </datafield>
  <datafield tag="337" ind1=" " ind2=" ">
    <subfield code="a">unmediated</subfield>
    <subfield code="b">n</subfield>
    <subfield code="2">rdamedia</subfield>
  </datafield>
  <datafield tag="338" ind1=" " ind2=" ">
    <subfield code="a">volume</subfield>
    <subfield code="b">nc</subfield>
    <subfield code="2">rdacarrier</subfield>
  </datafield>
  <datafield tag="500" ind1=" " ind2=" ">
    <subfield code="a">Essays.</subfield>
  </datafield>
  <datafield tag="963" ind1=" " ind2=" ">
    <subfield code="a">Peter Wang; phone: (334) 233-0361; email: pjwang@dixiewpublishing.com; bc: pjwang@dixiewpublishing.com</subfield>
  </datafield>
  <datafield tag="923" ind1=" " ind2=" ">
    <subfield code="s">CIP</subfield>
  </datafield>
</record>