
<record>
  <leader>05620cam a22007577i 4500</leader>
  <controlfield tag="001">19156169</controlfield>
  <controlfield tag="005">20200103150716.0</controlfield>
  <controlfield tag="008">160628t20162016enka     bc   001 0 eng c</controlfield>
  <datafield tag="906" ind1=" " ind2=" ">
    <subfield code="a">7</subfield>
    <subfield code="b">cbc</subfield>
    <subfield code="c">pccadap</subfield>
    <subfield code="d">2</subfield>
    <subfield code="e">epcn</subfield>
    <subfield code="f">20</subfield>
    <subfield code="g">y-gencatlg</subfield>
  </datafield>
  <datafield tag="925" ind1="0" ind2=" ">
    <subfield code="a">acquire</subfield>
    <subfield code="b">1 shelf copy</subfield>
    <subfield code="x">policy default</subfield>
  </datafield>
  <datafield tag="955" ind1=" " ind2=" ">
    <subfield code="b">rk11 2017-07-17 z-processor</subfield>
    <subfield code="i">rk11 2017-07-17 to Dewey</subfield>
  </datafield>
  <datafield tag="955" ind1=" " ind2=" ">
    <subfield code="a">pc24 2016-06-28</subfield>
    <subfield code="a">xn11 2017-07-12 1 copy rec&apos;d., to USASH</subfield>
  </datafield>
  <datafield tag="010" ind1=" " ind2=" ">
    <subfield code="a">  2016946243</subfield>
  </datafield>
  <datafield tag="020" ind1=" " ind2=" ">
    <subfield code="a">9781857096026</subfield>
    <subfield code="q">(hardcover)</subfield>
  </datafield>
  <datafield tag="020" ind1=" " ind2=" ">
    <subfield code="a">1857096029</subfield>
    <subfield code="q">(hardcover)</subfield>
  </datafield>
  <datafield tag="035" ind1=" " ind2=" ">
    <subfield code="a">(OCoLC)ocn960644252</subfield>
  </datafield>
  <datafield tag="040" ind1=" " ind2=" ">
    <subfield code="a">FSJ</subfield>
    <subfield code="b">eng</subfield>
    <subfield code="e">rda</subfield>
    <subfield code="c">FSJ</subfield>
    <subfield code="d">OCLCO</subfield>
    <subfield code="d">YDXCP</subfield>
    <subfield code="d">BTCTA</subfield>
    <subfield code="d">ERASA</subfield>
    <subfield code="d">BDX</subfield>
    <subfield code="d">TWS</subfield>
    <subfield code="d">YDX</subfield>
    <subfield code="d">CHVBK</subfield>
    <subfield code="d">OCLCO</subfield>
    <subfield code="d">OCLCF</subfield>
    <subfield code="d">OCLCO</subfield>
    <subfield code="d">CUT</subfield>
    <subfield code="d">DEBBG</subfield>
    <subfield code="d">CNNGC</subfield>
    <subfield code="d">OSU</subfield>
    <subfield code="d">OCLCO</subfield>
    <subfield code="d">STF</subfield>
    <subfield code="d">ZCU</subfield>
    <subfield code="d">CRU</subfield>
    <subfield code="d">FDA</subfield>
    <subfield code="d">OCLCA</subfield>
    <subfield code="d">IXA</subfield>
    <subfield code="d">OCL</subfield>
    <subfield code="d">OCLCA</subfield>
    <subfield code="d">BNG</subfield>
    <subfield code="d">EUM</subfield>
    <subfield code="d">NZAUC</subfield>
    <subfield code="d">TFW</subfield>
    <subfield code="d">CDN</subfield>
    <subfield code="d">DLC</subfield>
  </datafield>
  <datafield tag="043" ind1=" " ind2=" ">
    <subfield code="a">e------</subfield>
    <subfield code="a">e-it---</subfield>
  </datafield>
  <datafield tag="084" ind1=" " ind2=" ">
    <subfield code="a">LI 21450</subfield>
    <subfield code="2">rvk</subfield>
  </datafield>
  <datafield tag="050" ind1="0" ind2="0">
    <subfield code="a">ND623.C26</subfield>
    <subfield code="b">A4 2016</subfield>
  </datafield>
  <datafield tag="245" ind1="0" ind2="0">
    <subfield code="a">Beyond Caravaggio /</subfield>
    <subfield code="c">Letizia Treves ; with contributions by Aidan Weston-Lewis, Gabriele Finaldi, Christian Tico Seifert, Adriaan E. Waiboer, Francesca Whitlum-Cooper and Marjorie E. Wieseman.</subfield>
  </datafield>
  <datafield tag="264" ind1=" " ind2="1">
    <subfield code="a">London :</subfield>
    <subfield code="b">National Gallery Company ;</subfield>
    <subfield code="a">Dublin :</subfield>
    <subfield code="b">National Gallery of Ireland ;</subfield>
    <subfield code="a">Edinburgh :</subfield>
    <subfield code="b">National Galleries of Scotland,</subfield>
    <subfield code="c">2016.</subfield>
  </datafield>
  <datafield tag="264" ind1=" " ind2="2">
    <subfield code="a">New Haven :</subfield>
    <subfield code="b">Yale University Press,</subfield>
    <subfield code="c">[2016]</subfield>
  </datafield>
  <datafield tag="264" ind1=" " ind2="4">
    <subfield code="c">©2016</subfield>
  </datafield>
  <datafield tag="300" ind1=" " ind2=" ">
    <subfield code="a">208 pages :</subfield>
    <subfield code="b">color illustrations ;</subfield>
    <subfield code="c">29 cm</subfield>
  </datafield>
  <datafield tag="336" ind1=" " ind2=" ">
    <subfield code="a">text</subfield>
    <subfield code="b">txt</subfield>
    <subfield code="2">rdacontent</subfield>
  </datafield>
  <datafield tag="336" ind1=" " ind2=" ">
    <subfield code="a">still image</subfield>
    <subfield code="b">sti</subfield>
    <subfield code="2">rdacontent</subfield>
  </datafield>
  <datafield tag="337" ind1=" " ind2=" ">
    <subfield code="a">unmediated</subfield>
    <subfield code="b">n</subfield>
    <subfield code="2">rdamedia</subfield>
  </datafield>
  <datafield tag="338" ind1=" " ind2=" ">
    <subfield code="a">volume</subfield>
    <subfield code="b">nc</subfield>
    <subfield code="2">rdacarrier</subfield>
  </datafield>
  <datafield tag="500" ind1=" " ind2=" ">
    <subfield code="a">Catalog of an exhibition of the same name held at: The National Gallery, London ,12 October 2016-15 January 2017, National Gallery of Ireland, Dublin, 11 February 2017 -14 May, 2017, and Scottish National Gallery, Edinburgh, 17 June 2017-24 September 2017.</subfield>
  </datafield>
  <datafield tag="500" ind1=" " ind2=" ">
    <subfield code="a">Two essays, introductions to Catalogue chapters, and a majority of the commentaries on individual paintings by Letizia Treves.</subfield>
  </datafield>
  <datafield tag="504" ind1=" " ind2=" ">
    <subfield code="a">Includes bibliographical references (pages 198-204) and index.</subfield>
  </datafield>
  <datafield tag="505" ind1="0" ind2="0">
    <subfield code="t">Painting in Rome :</subfield>
    <subfield code="t">Caravaggio and beyond /</subfield>
    <subfield code="r">Letizia Treves --</subfield>
    <subfield code="t">Caravaggio and Britain :</subfield>
    <subfield code="t">Early appreciation, later criticism and missed opportunities /</subfield>
    <subfield code="r">Letizia Treves --</subfield>
    <subfield code="t">A Scottish connection :</subfield>
    <subfield code="t">William Hamilton Nisbet and the Mattei collection /</subfield>
    <subfield code="r">Aiden Weston-Lewis --</subfield>
    <subfield code="g">Catalogue. Painting from life : Caravaggio&apos;s early years in Rome ; Success and patronage in Rome : Caravaggio&apos;s immediate circle ; Admirers  and imitators : Caravaggio and his Italian followers ; In pursuit of Caravaggio : Painting in Naples ; The International Caravaggesque movement : Caravaggio&apos;s legacy.</subfield>
  </datafield>
  <datafield tag="520" ind1=" " ind2=" ">
    <subfield code="a">The Italian painter known as Caravaggio (1571-1610) claims a place among the most revolutionary figures in the history of art. His intense naturalism, almost brutal realism, and dramatic use of light had a wide impact on European painters, including Orazio Gentileschi, Valentin de Boulogne, and Gerrit van Honthorst. Each of Caravaggio&apos;s followers absorbed something different from his work, propagating his stylistic legacy across Europe. In this extensively illustrated catalogue, Letizia Treves introduces the international Caravaggesque movement and traces the distinct artistic personalities of its leading players. Even now, Caravaggio&apos;s name overshadows the other talented artists who adopted his approach to narrative painting: the use of theatrical lighting to illuminate a story encapsulated in a single, dramatic moment. Treves explains the innovative and unifying features of these painters&apos; work and how, despite resistance to their style and subject matter, many outstanding Caravaggesque pictures found their way into important collections.</subfield>
  </datafield>
  <datafield tag="600" ind1="1" ind2="0">
    <subfield code="a">Caravaggio, Michelangelo Merisi da,</subfield>
    <subfield code="d">1573-1610</subfield>
    <subfield code="x">Influence</subfield>
    <subfield code="v">Exhibitions.</subfield>
  </datafield>
  <datafield tag="650" ind1=" " ind2="0">
    <subfield code="a">Painting, European</subfield>
    <subfield code="y">17th century</subfield>
    <subfield code="v">Exhibitions.</subfield>
  </datafield>
  <datafield tag="650" ind1=" " ind2="0">
    <subfield code="a">Painting, Italian</subfield>
    <subfield code="y">17th century</subfield>
    <subfield code="v">Exhibitions.</subfield>
  </datafield>
  <datafield tag="650" ind1=" " ind2="0">
    <subfield code="a">Painters</subfield>
    <subfield code="z">Europe</subfield>
    <subfield code="y">17th century.</subfield>
  </datafield>
  <datafield tag="655" ind1=" " ind2="7">
    <subfield code="a">Exhibition catalogs.</subfield>
    <subfield code="2">aat</subfield>
  </datafield>
  <datafield tag="600" ind1="1" ind2="7">
    <subfield code="a">Caravaggio, Michelangelo Merisi da,</subfield>
    <subfield code="d">1573-1610.</subfield>
    <subfield code="2">fast</subfield>
    <subfield code="0">(OCoLC)fst00000100</subfield>
  </datafield>
  <datafield tag="650" ind1=" " ind2="7">
    <subfield code="a">Influence (Literary, artistic, etc.)</subfield>
    <subfield code="2">fast</subfield>
    <subfield code="0">(OCoLC)fst00972484</subfield>
  </datafield>
  <datafield tag="650" ind1=" " ind2="7">
    <subfield code="a">Painters.</subfield>
    <subfield code="2">fast</subfield>
    <subfield code="0">(OCoLC)fst01050530</subfield>
  </datafield>
  <datafield tag="650" ind1=" " ind2="7">
    <subfield code="a">Painting, European.</subfield>
    <subfield code="2">fast</subfield>
    <subfield code="0">(OCoLC)fst01050808</subfield>
  </datafield>
  <datafield tag="650" ind1=" " ind2="7">
    <subfield code="a">Painting, Italian.</subfield>
    <subfield code="2">fast</subfield>
    <subfield code="0">(OCoLC)fst01050910</subfield>
  </datafield>
  <datafield tag="651" ind1=" " ind2="7">
    <subfield code="a">Europe.</subfield>
    <subfield code="2">fast</subfield>
    <subfield code="0">(OCoLC)fst01245064</subfield>
  </datafield>
  <datafield tag="648" ind1=" " ind2="7">
    <subfield code="a">1600-1699</subfield>
    <subfield code="2">fast</subfield>
  </datafield>
  <datafield tag="655" ind1=" " ind2="7">
    <subfield code="a">Exhibition catalogs.</subfield>
    <subfield code="2">fast</subfield>
    <subfield code="0">(OCoLC)fst01424028</subfield>
  </datafield>
  <datafield tag="655" ind1=" " ind2="7">
    <subfield code="a">Exhibition catalogs.</subfield>
    <subfield code="2">gmgpc</subfield>
  </datafield>
  <datafield tag="600" ind1="1" ind2="7">
    <subfield code="a">Caravaggio, Michelangelo Merisi da</subfield>
    <subfield code="d">1571-1610</subfield>
    <subfield code="2">gnd</subfield>
  </datafield>
  <datafield tag="650" ind1=" " ind2="7">
    <subfield code="a">Caravaggisten</subfield>
    <subfield code="2">gnd</subfield>
  </datafield>
  <datafield tag="651" ind1=" " ind2="7">
    <subfield code="a">Italien</subfield>
    <subfield code="2">gnd</subfield>
  </datafield>
  <datafield tag="651" ind1=" " ind2="7">
    <subfield code="a">Grossbritannien</subfield>
    <subfield code="2">gnd</subfield>
  </datafield>
  <datafield tag="655" ind1=" " ind2="7">
    <subfield code="a">Ausstellungskatalog</subfield>
    <subfield code="x">The National Gallery</subfield>
    <subfield code="y">12.10.2016-15.01.2017</subfield>
    <subfield code="z">London.</subfield>
    <subfield code="2">gnd-content</subfield>
  </datafield>
  <datafield tag="655" ind1=" " ind2="7">
    <subfield code="a">Ausstellungskatalog</subfield>
    <subfield code="x">National Gallery of Ireland</subfield>
    <subfield code="y">11.02.2017-14.05.2017</subfield>
    <subfield code="z">Dublin.</subfield>
    <subfield code="2">gnd-content</subfield>
  </datafield>
  <datafield tag="655" ind1=" " ind2="7">
    <subfield code="a">Ausstellungskatalog</subfield>
    <subfield code="x">Scottish National Gallery</subfield>
    <subfield code="y">17.06.2017-24.09.2017</subfield>
    <subfield code="z">Edinburgh.</subfield>
    <subfield code="2">gnd-content</subfield>
  </datafield>
  <datafield tag="655" ind1=" " ind2="7">
    <subfield code="a">Exhibition catalogs.</subfield>
    <subfield code="2">lcgft</subfield>
  </datafield>
  <datafield tag="700" ind1="1" ind2=" ">
    <subfield code="a">Treves, Letizia,</subfield>
    <subfield code="e">author,</subfield>
    <subfield code="e">editor,</subfield>
    <subfield code="e">contributor.</subfield>
  </datafield>
  <datafield tag="700" ind1="1" ind2=" ">
    <subfield code="a">Weston-Lewis, Aidan,</subfield>
    <subfield code="e">contributor.</subfield>
  </datafield>
  <datafield tag="700" ind1="1" ind2=" ">
    <subfield code="a">Finaldi, Gabriele,</subfield>
    <subfield code="e">contributor.</subfield>
  </datafield>
  <datafield tag="700" ind1="1" ind2=" ">
    <subfield code="a">Seifert, Christian Tico,</subfield>
    <subfield code="e">contributor.</subfield>
  </datafield>
  <datafield tag="700" ind1="1" ind2=" ">
    <subfield code="a">Waiboer, Adriaan E.,</subfield>
    <subfield code="e">contributor.</subfield>
  </datafield>
  <datafield tag="700" ind1="1" ind2=" ">
    <subfield code="a">Whitlum-Cooper, Francesca,</subfield>
    <subfield code="e">contributor.</subfield>
  </datafield>
  <datafield tag="700" ind1="1" ind2=" ">
    <subfield code="a">Wieseman, Marjorie E.,</subfield>
    <subfield code="e">contributor.</subfield>
  </datafield>
  <datafield tag="710" ind1="2" ind2=" ">
    <subfield code="a">National Gallery (Great Britain),</subfield>
    <subfield code="e">host institution.</subfield>
  </datafield>
  <datafield tag="710" ind1="2" ind2=" ">
    <subfield code="a">National Gallery of Ireland,</subfield>
    <subfield code="e">host institution.</subfield>
  </datafield>
  <datafield tag="710" ind1="2" ind2=" ">
    <subfield code="a">National Galleries of Scotland,</subfield>
    <subfield code="e">host institution.</subfield>
  </datafield>
</record>