
<record>
  <leader>01483cam a22003377i 4500</leader>
  <controlfield tag="001">19159733</controlfield>
  <controlfield tag="005">20200103121154.0</controlfield>
  <controlfield tag="008">160701e201503  bo a     b    000 0 spa c</controlfield>
  <datafield tag="906" ind1=" " ind2=" ">
    <subfield code="a">7</subfield>
    <subfield code="b">cbc</subfield>
    <subfield code="c">pccadap</subfield>
    <subfield code="d">2</subfield>
    <subfield code="e">ncip</subfield>
    <subfield code="f">20</subfield>
    <subfield code="g">y-gencatlg</subfield>
  </datafield>
  <datafield tag="925" ind1="0" ind2=" ">
    <subfield code="a">acquire</subfield>
    <subfield code="b">1 shelf copy</subfield>
    <subfield code="x">policy default</subfield>
  </datafield>
  <datafield tag="955" ind1=" " ind2=" ">
    <subfield code="b">bc12 2016-07-01 z-processor to ALAWE/SA (OT)</subfield>
    <subfield code="i">bc12 2017-04-17 (telework)</subfield>
    <subfield code="e">bc12 2017-04-20 to BCCD (ABACheck &amp; Labeled)</subfield>
  </datafield>
  <datafield tag="010" ind1=" " ind2=" ">
    <subfield code="a">  2016428310</subfield>
  </datafield>
  <datafield tag="020" ind1=" " ind2=" ">
    <subfield code="a">9789997450418</subfield>
  </datafield>
  <datafield tag="020" ind1=" " ind2=" ">
    <subfield code="a">9997450418</subfield>
  </datafield>
  <datafield tag="035" ind1=" " ind2=" ">
    <subfield code="a">(OCoLC)ocn943993373</subfield>
  </datafield>
  <datafield tag="040" ind1=" " ind2=" ">
    <subfield code="a">NEIGS</subfield>
    <subfield code="b">eng</subfield>
    <subfield code="c">NEIGS</subfield>
    <subfield code="e">rda</subfield>
    <subfield code="d">STF</subfield>
    <subfield code="d">OCLCF</subfield>
    <subfield code="d">DLC</subfield>
  </datafield>
  <datafield tag="043" ind1=" " ind2=" ">
    <subfield code="a">s-bo---</subfield>
  </datafield>
  <datafield tag="050" ind1="0" ind2="0">
    <subfield code="a">HD6072.2.B5</subfield>
    <subfield code="b">P465 2015</subfield>
  </datafield>
  <datafield tag="100" ind1="1" ind2=" ">
    <subfield code="a">Peredo, Elizabeth,</subfield>
    <subfield code="e">author.</subfield>
  </datafield>
  <datafield tag="245" ind1="1" ind2="0">
    <subfield code="a">Trabajadoras asalariadas del hogar en Bolivia :</subfield>
    <subfield code="b">aprendizajes de una larga lucha /</subfield>
    <subfield code="c">Elizabeth Peredo Beltrán.</subfield>
  </datafield>
  <datafield tag="264" ind1=" " ind2="1">
    <subfield code="a">La Paz, Bolivia :</subfield>
    <subfield code="b">Red Boliviana de Mujeres Transformando la Economía (REMTE),</subfield>
    <subfield code="c">marzo 2015.</subfield>
  </datafield>
  <datafield tag="300" ind1=" " ind2=" ">
    <subfield code="a">99 pages :</subfield>
    <subfield code="b">color illustrations ;</subfield>
    <subfield code="c">21 cm.</subfield>
  </datafield>
  <datafield tag="336" ind1=" " ind2=" ">
    <subfield code="a">text</subfield>
    <subfield code="2">rdacontent</subfield>
  </datafield>
  <datafield tag="337" ind1=" " ind2=" ">
    <subfield code="a">unmediated</subfield>
    <subfield code="2">rdamedia</subfield>
  </datafield>
  <datafield tag="338" ind1=" " ind2=" ">
    <subfield code="a">volume</subfield>
    <subfield code="2">rdacarrier</subfield>
  </datafield>
  <datafield tag="490" ind1="1" ind2=" ">
    <subfield code="a">Cuaderno de trabajo ;</subfield>
    <subfield code="v">no 21</subfield>
  </datafield>
  <datafield tag="504" ind1=" " ind2=" ">
    <subfield code="a">Includes bibliographical references (pages 97-99).</subfield>
  </datafield>
  <datafield tag="650" ind1=" " ind2="0">
    <subfield code="a">Women household employees</subfield>
    <subfield code="z">Bolivia</subfield>
    <subfield code="x">Social conditions.</subfield>
  </datafield>
  <datafield tag="650" ind1=" " ind2="0">
    <subfield code="a">Women household employees</subfield>
    <subfield code="x">Legal status, laws, etc.</subfield>
    <subfield code="z">Bolivia.</subfield>
  </datafield>
  <datafield tag="830" ind1=" " ind2="0">
    <subfield code="a">Cuaderno de trabajo (Red de Mujeres Transformando la Economía (Bolivia)) ;</subfield>
    <subfield code="v">no. 21.</subfield>
  </datafield>
  <datafield tag="923" ind1=" " ind2=" ">
    <subfield code="a">purchase</subfield>
    <subfield code="d">2015-11-11</subfield>
    <subfield code="n">13580B2016</subfield>
    <subfield code="s">93000971</subfield>
  </datafield>
</record>