
<record>
  <leader>02571cam a22004097i 4500</leader>
  <controlfield tag="001">19161088</controlfield>
  <controlfield tag="005">20200103150719.0</controlfield>
  <controlfield tag="008">160503t20162016be a     b    000 0bdut c</controlfield>
  <datafield tag="906" ind1=" " ind2=" ">
    <subfield code="a">7</subfield>
    <subfield code="b">cbc</subfield>
    <subfield code="c">pccadap</subfield>
    <subfield code="d">3</subfield>
    <subfield code="e">ncip</subfield>
    <subfield code="f">20</subfield>
    <subfield code="g">y-gencatlg</subfield>
  </datafield>
  <datafield tag="925" ind1="0" ind2=" ">
    <subfield code="a">acquire</subfield>
    <subfield code="b">1 shelf copy</subfield>
    <subfield code="x">policy default</subfield>
  </datafield>
  <datafield tag="955" ind1=" " ind2=" ">
    <subfield code="b">bd25 2016-09-12</subfield>
    <subfield code="b">bc12 2018-04-13 z-processor (telework)</subfield>
    <subfield code="i">bc12 2018-05-02 (telework)</subfield>
    <subfield code="e">bc12 2018-05-11 to BCCD (ABAchecked &amp; Labeled)</subfield>
  </datafield>
  <datafield tag="010" ind1=" " ind2=" ">
    <subfield code="a">  2016476370</subfield>
  </datafield>
  <datafield tag="020" ind1=" " ind2=" ">
    <subfield code="a">9789463100816</subfield>
  </datafield>
  <datafield tag="020" ind1=" " ind2=" ">
    <subfield code="a">9463100814</subfield>
  </datafield>
  <datafield tag="020" ind1=" " ind2=" ">
    <subfield code="a">9789463102179</subfield>
  </datafield>
  <datafield tag="020" ind1=" " ind2=" ">
    <subfield code="a">9463102175</subfield>
  </datafield>
  <datafield tag="035" ind1=" " ind2=" ">
    <subfield code="a">(OCoLC)ocn930773252</subfield>
  </datafield>
  <datafield tag="040" ind1=" " ind2=" ">
    <subfield code="a">ERASA</subfield>
    <subfield code="b">eng</subfield>
    <subfield code="c">ERASA</subfield>
    <subfield code="e">rda</subfield>
    <subfield code="d">OCLCQ</subfield>
    <subfield code="d">INU</subfield>
    <subfield code="d">OCLCF</subfield>
    <subfield code="d">QGJ</subfield>
    <subfield code="d">DEBBG</subfield>
    <subfield code="d">DLC</subfield>
  </datafield>
  <datafield tag="050" ind1="0" ind2="0">
    <subfield code="a">ND673.B73</subfield>
    <subfield code="b">H78 2016</subfield>
  </datafield>
  <datafield tag="100" ind1="1" ind2=" ">
    <subfield code="a">Huet, Leen,</subfield>
    <subfield code="e">author.</subfield>
  </datafield>
  <datafield tag="245" ind1="1" ind2="0">
    <subfield code="a">Pieter Bruegel :</subfield>
    <subfield code="b">de biografie /</subfield>
    <subfield code="c">Leen Huet.</subfield>
  </datafield>
  <datafield tag="264" ind1=" " ind2="1">
    <subfield code="a">Kalmthout :</subfield>
    <subfield code="b">Uitgeverij Polis</subfield>
    <subfield code="c">[2016].</subfield>
  </datafield>
  <datafield tag="264" ind1=" " ind2="4">
    <subfield code="c">© 2016</subfield>
  </datafield>
  <datafield tag="300" ind1=" " ind2=" ">
    <subfield code="a">435 pages, 32 pages of plates :</subfield>
    <subfield code="b">illustrations (chiefly color) ;</subfield>
    <subfield code="c">24 cm</subfield>
  </datafield>
  <datafield tag="336" ind1=" " ind2=" ">
    <subfield code="a">text</subfield>
    <subfield code="b">txt</subfield>
    <subfield code="2">rdacontent</subfield>
  </datafield>
  <datafield tag="337" ind1=" " ind2=" ">
    <subfield code="a">unmediated</subfield>
    <subfield code="b">n</subfield>
    <subfield code="2">rdamedia</subfield>
  </datafield>
  <datafield tag="338" ind1=" " ind2=" ">
    <subfield code="a">volume</subfield>
    <subfield code="b">nc</subfield>
    <subfield code="2">rdacarrier</subfield>
  </datafield>
  <datafield tag="520" ind1="8" ind2=" ">
    <subfield code="a">Van alle kunst uit de Vlaamse school lijkt het werk van Pieter Bruegel (1525?-1569) het meest kenmerkend voor de Lage Landen. Schilderijen als De Spreekwoorden, De Kinderspelen, Dulle Griet, De Boerenkermis en Luilekkerland zijn herkenbaar en geliefd. En ze maakten van Pieter Bruegel een folkloristisch icoon, ook al strookt dit niet helemaal met zijn levensloop.00Leen Huet schreef met Pieter Bruegel de eerste echte biografie van de zestiende-eeuwse meester. Ze plaatst Bruegel stevig in zijn milieu: de bruisende steden Antwerpen en Brussel. Daar woedde jarenlang de ideologische strijd om godsdienst en Europese eenheid, die in 1566 uitbarstte in de Beeldenstorm. Tegen deze achtergrond schetst Huet Bruegels evolutie van tekenaar en grafisch ontwerper tot een schilder die op enkele jaren tijd een indrukwekkend oeuvre creëerde en die veel te jong overleed. Deze caleidoscopische biografie is in meerdere opzichten magistraal geschreven, niet het minst omdat Leen Huet een nieuwe interpretatie geeft aan Dulle Griet.</subfield>
  </datafield>
  <datafield tag="600" ind1="1" ind2="0">
    <subfield code="a">Bruegel, Pieter,</subfield>
    <subfield code="d">approximately 1525-1569.</subfield>
  </datafield>
  <datafield tag="650" ind1=" " ind2="0">
    <subfield code="a">Painters</subfield>
    <subfield code="z">Netherlands</subfield>
    <subfield code="y">16th century</subfield>
    <subfield code="v">Biography.</subfield>
  </datafield>
  <datafield tag="650" ind1=" " ind2="0">
    <subfield code="a">Painting, Flemish</subfield>
    <subfield code="y">16th century.</subfield>
  </datafield>
  <datafield tag="653" ind1=" " ind2="0">
    <subfield code="a">Painters / Netherlands / 16th century / Biography</subfield>
  </datafield>
  <datafield tag="653" ind1=" " ind2="0">
    <subfield code="a">Painting, Flemish / 16th century</subfield>
  </datafield>
  <datafield tag="653" ind1=" " ind2="0">
    <subfield code="a">Painters</subfield>
  </datafield>
  <datafield tag="700" ind1="1" ind2="2">
    <subfield code="a">Bruegel, Pieter,</subfield>
    <subfield code="d">approximately 1525-1569.</subfield>
    <subfield code="t">Paintings.</subfield>
    <subfield code="k">Selections.</subfield>
  </datafield>
  <datafield tag="923" ind1=" " ind2=" ">
    <subfield code="d">20160624</subfield>
    <subfield code="n">60020026</subfield>
    <subfield code="s">V00009436</subfield>
  </datafield>
  <datafield tag="985" ind1=" " ind2=" ">
    <subfield code="e">VENDOR LOAD</subfield>
  </datafield>
</record>